% Encoding: UTF-8

@article{vylomova:prev-context,
  title={Context-Aware Prediction of Derivational Word-forms},
  author={Vylomova, Ekaterina and Cotterell, Ryan and Baldwin, Timothy and Cohn, Trevor},
  journal={arXiv preprint arXiv:1702.06675},
  year={2017}
}

@inproceedings{cotterell:prev-morphological,
  title={Morphological word-embeddings},
  author={Cotterell, Ryan and Sch{\"u}tze, Hinrich},
  booktitle={Proceedings of the 2015 Conference of the North American Chapter of the Association for Computational Linguistics: Human Language Technologies},
  pages={1287--1292},
  year={2015}
}

@inproceedings{luong:prev-representations,
  title={Better word representations with recursive neural networks for morphology},
  author={Luong, Thang and Socher, Richard and Manning, Christopher},
  booktitle={Proceedings of the Seventeenth Conference on Computational Natural Language Learning},
  pages={104--113},
  year={2013}
}

@inproceedings{soricut:prev-unsupervised,
  title={Unsupervised morphology induction using word embeddings},
  author={Soricut, Radu and Och, Franz},
  booktitle={Proceedings of the 2015 Conference of the North American Chapter of the Association for Computational Linguistics: Human Language Technologies},
  pages={1627--1637},
  year={2015}
}

@InProceedings{cao:prev-joint,
  author    = {Cao, Kris and Rei, Marek},
  title     = {A Joint Model for Word Embedding and Word Morphology},
  booktitle = {Proceedings of the 1st Workshop on Representation Learning for NLP},
  year      = {2016},
  pages     = {18--26},
  publisher = {Association for Computational Linguistics},
  doi       = {10.18653/v1/W16-1603},
  location  = {Berlin, Germany},
  url       = {http://aclweb.org/anthology/W16-1603},
}

@PhdThesis{bejar:prev-phi,
  author    = {B{\'e}jar, Susana},
  title     = {Phi-syntax: A theory of agreement},
  school    = {University of Toronto},
  year      = {2003},
  publisher = {University of Toronto Doctoral dissertation},
}

@InProceedings{cotterell:st-2018,
  author    = {Cotterell, Ryan and Kirov, Christo and Sylak-Glassman, John and Walther, G{\.{e}}raldine and Vylomova, Ekaterina and McCarthy, Arya D. and Kann, Katharina and Mielke, Sebastian and Nicolai, Garrett and Silfverberg, Miikka and Yarowsky, David and Eisner, Jason and Hulden, Mans},
  title     = {The CoNLL--SIGMORPHON 2018 Shared Task: Universal Morphological Reinflection},
  booktitle = {Proceedings of the CoNLL SIGMORPHON 2018 Shared Task: Universal Morphological Reinflection},
  year      = {2018},
  pages     = {1--27},
  publisher = {Association for Computational Linguistics},
  location  = {Brussels},
  url       = {http://aclweb.org/anthology/K18-3001},
}

@InProceedings{kementchedjhieva:st-cph,
  author    = {Kementchedjhieva, Yova and Bjerva, Johannes and Augenstein, Isabelle},
  title     = {Copenhagen at CoNLL--SIGMORPHON 2018: Multilingual Inflection in Context with Explicit Morphosyntactic Decoding},
  booktitle = {Proceedings of the CoNLL SIGMORPHON 2018 Shared Task: Universal Morphological Reinflection},
  year      = {2018},
  pages     = {93--98},
  publisher = {Association for Computational Linguistics},
  location  = {Brussels},
  url       = {http://aclweb.org/anthology/K18-3011},
}

@InProceedings{makarov:st-uzh,
  author = 	"Makarov, Peter and Clematide, Simon",
  title = 	"UZH at CoNLL-SIGMORPHON 2018 Shared Task on Universal Morphological Reinflection",
  booktitle = 	"Proceedings of the CoNLL SIGMORPHON 2018 Shared Task: Universal Morphological Reinflection",
  year = 	"2018",
  publisher = 	"Association for Computational Linguistics",
  pages = 	"69--75",
  location = 	"Brussels",
  url = 	"http://aclweb.org/anthology/K18-3008"
}


@Article{sklearn:white,
  author  = {Pedregosa, F. and Varoquaux, G. and Gramfort, A. and Michel, V. and Thirion, B. and Grisel, O. and Blondel, M. and Prettenhofer, P. and Weiss, R. and Dubourg, V. and Vanderplas, J. and Passos, A. and Cournapeau, D. and Brucher, M. and Perrot, M. and Duchesnay, E.},
  title   = {Scikit-learn: Machine Learning in {P}ython},
  journal = {Journal of Machine Learning Research},
  year    = {2011},
  volume  = {12},
  pages   = {2825--2830},
}

@inproceedings{pytorch:white,
  title={Automatic differentiation in PyTorch},
  author={Paszke, Adam and Gross, Sam and Chintala, Soumith and Chanan, Gregory and Yang, Edward and DeVito, Zachary and Lin, Zeming and Desmaison, Alban and Antiga, Luca and Lerer, Adam},
  booktitle={NIPS-W},
  year={2017}
}

@Article{allennlp:white,
  author        = {Matt Gardner and Joel Grus and Mark Neumann and Oyvind Tafjord and Pradeep Dasigi and Nelson F. Liu and Matthew E. Peters and Michael Schmitz and Luke Zettlemoyer},
  title         = {AllenNLP: {A} Deep Semantic Natural Language Processing Platform},
  journal       = {CoRR},
  year          = {2018},
  volume        = {abs/1803.07640},
  archiveprefix = {arXiv},
  bibsource     = {dblp computer science bibliography, https://dblp.org},
  biburl        = {https://dblp.org/rec/bib/journals/corr/abs-1803-07640},
  eprint        = {1803.07640},
  timestamp     = {Mon, 13 Aug 2018 16:47:06 +0200},
  url           = {http://arxiv.org/abs/1803.07640},
}

@article{parallel:white,
  title = {GNU Parallel - The Command-Line Power Tool},
  author = {O. Tange},
  address = {Frederiksberg, Denmark},
  journal = {;login: The USENIX Magazine},
  month = {Feb},
  number = {1},
  volume = {36},
  url = {http://www.gnu.org/s/parallel},
  year = {2011},
  pages = {42-47},
  doi = {http://dx.doi.org/10.5281/zenodo.16303}
}

@Misc{ud:conllu,
  author    = {Nivre, Joakim and Abrams, Mitchell and Agi{\'c}, {\v Z}eljko and Ahrenberg, Lars and Antonsen, Lene and Aplonova, Katya and Aranzabe, Maria Jesus and Arutie, Gashaw and Asahara, Masayuki and Ateyah, Luma and Attia, Mohammed and Atutxa, Aitziber and Augustinus, Liesbeth and Badmaeva, Elena and Ballesteros, Miguel and Banerjee, Esha and Bank, Sebastian and Barbu Mititelu, Verginica and Basmov, Victoria and Bauer, John and Bellato, Sandra and Bengoetxea, Kepa and Berzak, Yevgeni and Bhat, Irshad Ahmad and Bhat, Riyaz Ahmad and Biagetti, Erica and Bick, Eckhard and Blokland, Rogier and Bobicev, Victoria and B{\"o}rstell, Carl and Bosco, Cristina and Bouma, Gosse and Bowman, Sam and Boyd, Adriane and Burchardt, Aljoscha and Candito, Marie and Caron, Bernard and Caron, Gauthier and Cebiro{\u g}lu Eryi{\u g}it, G{\"u}l{\c s}en and Cecchini, Flavio Massimiliano and Celano, Giuseppe G. A. and {\v C}{\'e}pl{\"o}, Slavom{\'{\i}}r and Cetin, Savas and Chalub, Fabricio and Choi, Jinho and Cho, Yongseok and Chun, Jayeol and Cinkov{\'a}, Silvie and Collomb, Aur{\'e}lie and {\c C}{\"o}ltekin, {\c C}a{\u g}r{\i} and Connor, Miriam and Courtin, Marine and Davidson, Elizabeth and de Marneffe, Marie-Catherine and de Paiva, Valeria and Diaz de Ilarraza, Arantza and Dickerson, Carly and Dirix, Peter and Dobrovoljc, Kaja and Dozat, Timothy and Droganova, Kira and Dwivedi, Puneet and Eli, Marhaba and Elkahky, Ali and Ephrem, Binyam and Erjavec, Toma{\v z} and Etienne, Aline and Farkas, Rich{\'a}rd and Fernandez Alcalde, Hector and Foster, Jennifer and Freitas, Cl{\'a}udia and Gajdo{\v s}ov{\'a}, Katar{\'{\i}}na and Galbraith, Daniel and Garcia, Marcos and G{\"a}rdenfors, Moa and Garza, Sebastian and Gerdes, Kim and Ginter, Filip and Goenaga, Iakes and Gojenola, Koldo and G{\"o}k{\i}rmak, Memduh and Goldberg, Yoav and G{\'o}mez Guinovart, Xavier and Gonz{\'a}les Saavedra, Berta and Grioni, Matias and Gr{\= u}z{\={\i}}tis, Normunds and Guillaume, Bruno and Guillot-Barbance, C{\'e}line and Habash, Nizar and Haji{\v c}, Jan and Haji{\v c} jr., Jan and H{\`a} M{\~y}, Linh and Han, Na-Rae and Harris, Kim and Haug, Dag and Hladk{\'a}, Barbora and Hlav{\'a}{\v c}ov{\'a}, Jaroslava and Hociung, Florinel and Hohle, Petter and Hwang, Jena and Ion, Radu and Irimia, Elena and Ishola, {\d O}l{\'a}j{\'{\i}}d{\'e} and Jel{\'{\i}}nek, Tom{\'a}{\v s} and Johannsen, Anders and J{\o}rgensen, Fredrik and Ka{\c s}{\i}kara, H{\"u}ner and Kahane, Sylvain and Kanayama, Hiroshi and Kanerva, Jenna and Katz, Boris and Kayadelen, Tolga and Kenney, Jessica and Kettnerov{\'a}, V{\'a}clava and Kirchner, Jesse and Kopacewicz, Kamil and Kotsyba, Natalia and Krek, Simon and Kwak, Sookyoung and Laippala, Veronika and Lambertino, Lorenzo and Lam, Lucia and Lando, Tatiana and Larasati, Septina Dian and Lavrentiev, Alexei and Lee, John and L{\^e} H{\`{\^o}}ng, Phương and Lenci, Alessandro and Lertpradit, Saran and Leung, Herman and Li, Cheuk Ying and Li, Josie and Li, Keying and Lim, {KyungTae} and Ljube{\v s}i{\'c}, Nikola and Loginova, Olga and Lyashevskaya, Olga and Lynn, Teresa and Macketanz, Vivien and Makazhanov, Aibek and Mandl, Michael and Manning, Christopher and Manurung, Ruli and M{\u a}r{\u a}nduc, C{\u a}t{\u a}lina and Mare{\v c}ek, David and Marheinecke, Katrin and Mart{\'{\i}}nez Alonso, H{\'e}ctor and Martins, Andr{\'e} and Ma{\v s}ek, Jan and Matsumoto, Yuji and {McDonald}, Ryan and Mendon{\c c}a, Gustavo and Miekka, Niko and Misirpashayeva, Margarita and Missil{\"a}, Anna and Mititelu, C{\u a}t{\u a}lin and Miyao, Yusuke and Montemagni, Simonetta and More, Amir and Moreno Romero, Laura and Mori, Keiko Sophie and Mori, Shinsuke and Mortensen, Bjartur and Moskalevskyi, Bohdan and Muischnek, Kadri and Murawaki, Yugo and M{\"u}{\"u}risep, Kaili and Nainwani, Pinkey and Navarro Hor{\~n}iacek, Juan Ignacio and Nedoluzhko, Anna and Ne{\v s}pore-B{\=e}rzkalne, Gunta and Nguy{\~{\^e}}n Th{\d i}, Lương and Nguy{\~{\^e}}n Th{\d i} Minh, Huy{\`{\^e}}n and Nikolaev, Vitaly and Nitisaroj, Rattima and Nurmi, Hanna and Ojala, Stina and Ol{\'u}{\`o}kun, Ad{\'e}day{\d o}̀ and Omura, Mai and Osenova, Petya and {\"O}stling, Robert and {\O}vrelid, Lilja and Partanen, Niko and Pascual, Elena and Passarotti, Marco and Patejuk, Agnieszka and Paulino-Passos, Guilherme and Peng, Siyao and Perez, Cenel-Augusto and Perrier, Guy and Petrov, Slav and Piitulainen, Jussi and Pitler, Emily and Plank, Barbara and Poibeau, Thierry and Popel, Martin and Pretkalni{\c n}a, Lauma and Pr{\'e}vost, Sophie and Prokopidis, Prokopis and Przepi{\'o}rkowski, Adam and Puolakainen, Tiina and Pyysalo, Sampo and R{\"a}{\"a}bis, Andriela and Rademaker, Alexandre and Ramasamy, Loganathan and Rama, Taraka and Ramisch, Carlos and Ravishankar, Vinit and Real, Livy and Reddy, Siva and Rehm, Georg and Rie{\ss}ler, Michael and Rinaldi, Larissa and Rituma, Laura and Rocha, Luisa and Romanenko, Mykhailo and Rosa, Rudolf and Rovati, Davide and Roșca, Valentin and Rudina, Olga and Rueter, Jack and Sadde, Shoval and Sagot, Beno{\^{\i}}t and Saleh, Shadi and Samard{\v z}i{\'c}, Tanja and Samson, Stephanie and Sanguinetti, Manuela and Saul{\={\i}}te, Baiba and Sawanakunanon, Yanin and Schneider, Nathan and Schuster, Sebastian and Seddah, Djam{\'e} and Seeker, Wolfgang and Seraji, Mojgan and Shen, Mo and Shimada, Atsuko and Shohibussirri, Muh and Sichinava, Dmitry and Silveira, Natalia and Simi, Maria and Simionescu, Radu and Simk{\'o}, Katalin and {\v S}imkov{\'a}, M{\'a}ria and Simov, Kiril and Smith, Aaron and Soares-Bastos, Isabela and Spadine, Carolyn and Stella, Antonio and Straka, Milan and Strnadov{\'a}, Jana and Suhr, Alane and Sulubacak, Umut and Sz{\'a}nt{\'o}, Zsolt and Taji, Dima and Takahashi, Yuta and Tanaka, Takaaki and Tellier, Isabelle and Trosterud, Trond and Trukhina, Anna and Tsarfaty, Reut and Tyers, Francis and Uematsu, Sumire and Ure{\v s}ov{\'a}, Zde{\v n}ka and Uria, Larraitz and Uszkoreit, Hans and Vajjala, Sowmya and van Niekerk, Daniel and van Noord, Gertjan and Varga, Viktor and Villemonte de la Clergerie, Eric and Vincze, Veronika and Wallin, Lars and Wang, Jing Xian and Washington, Jonathan North and Williams, Seyi and Wir{\'e}n, Mats and Woldemariam, Tsegay and Wong, Tak-sum and Yan, Chunxiao and Yavrumyan, Marat M. and Yu, Zhuoran and {\v Z}abokrtsk{\'y}, Zden{\v e}k and Zeldes, Amir and Zeman, Daniel and Zhang, Manying and Zhu, Hanzhi},
  title     = {Universal Dependencies 2.3},
  year      = {2018},
  note      = {{LINDAT}/{CLARIN} digital library at the Institute of Formal and Applied Linguistics ({{\'U}FAL}), Faculty of Mathematics and Physics, Charles University},
  copyright = {Licence Universal Dependencies v2.3},
  url       = {http://hdl.handle.net/11234/1-2895},
}

@InProceedings{ud:en:ewt,
  author    = {Natalia Silveira and Timothy Dozat and Marie-Catherine de Marneffe and Samuel Bowman and Miriam Connor and John Bauer and Christopher D. Manning},
  title     = {A Gold Standard Dependency Corpus for {E}nglish},
  booktitle = {Proceedings of the Ninth International Conference on Language Resources and Evaluation (LREC-2014)},
  year      = {2014},
}

@InProceedings{ud:no:bokmaal,
  author    = {Solberg, Per Erik and Skj{\ae}rholt, Arne and {\O}vrelid, Lilja and Hagen, Kristin and Johannessen, Janne Bondi},
  title     = {The norwegian dependency treebank},
  booktitle = {Proceedings of the Ninth International Conference on Language Resources and Evaluation (LREC'14)},
  year      = {2014},
  pages     = {789--795},
}

@InProceedings{ud:no:bokmaal:annotation,
  author    = {Lilja {\O}vrelid and Petter Hohle},
  title     = {Universal {D}ependencies for {N}orwegian},
  booktitle = {LREC},
  year      = {2016},
}

@InProceedings{ud:univ:gsd,
  author    = {McDonald, Ryan and Nivre, Joakim and Quirmbach-Brundage, Yvonne and Goldberg, Yoav and Das, Dipanjan and Ganchev, Kuzman and Hall, Keith and Petrov, Slav and Zhang, Hao and T{\"a}ckstr{\"o}m, Oscar and others},
  title     = {Universal dependency annotation for multilingual parsing},
  booktitle = {Proceedings of the 51st Annual Meeting of the Association for Computational Linguistics (Volume 2: Short Papers)},
  year      = {2013},
  volume    = {2},
  pages     = {92--97},
}

@InProceedings{ud:hu:szeged,
  author    = {Vincze, Veronika and Szauter, D{\'o}ra and Alm{\'a}si, Attila and M{\'o}ra, Gy{\"o}rgy and Alexin, Zolt{\'a}n and Csirik, J{\'a}nos},
  title     = {Hungarian dependency treebank},
  booktitle = {Proceedings of the Seventh Conference on International Language Resources and Evaluation (LREC'10)},
  year      = {2010},
  publisher = {European Language Resources Association},
}

@Article{ferreira:psy,
  author   = {Fernanda Ferreira and Benjamin Swets},
  title    = {How Incremental Is Language Production? Evidence from the Production of Utterances Requiring the Computation of Arithmetic Sums},
  journal  = {Journal of Memory and Language},
  year     = {2002},
  volume   = {46},
  number   = {1},
  pages    = {57--84},
  issn     = {0749-596X},
  doi      = {https://doi.org/10.1006/jmla.2001.2797},
  keywords = {language production, arithmetic, incrementality, syntax, phonology.},
  url      = {http://www.sciencedirect.com/science/article/pii/S0749596X01927974},
}

@Book{levelt:psy,
  title     = {Speaking: {F}rom {I}ntention to {A}rticulation},
  publisher = {Bradford Books,U.S.},
  year      = {1993},
  author    = {Levelt, Willem J. M.},
  series    = {ACL-MIT Press series in natural-language processing},
  isbn      = {9780262620895},
  lccn      = {88019144},
  url       = {https://books.google.de/books?id=LbVCdCE-NQAC},
}

@InProceedings{koehn:parser,
  author    = {Arne Köhn and Wolfgang Menzel},
  title     = {Incremental Predictive Parsing with TurboParser},
  booktitle = {Proceedings of the 52nd Annual Meeting of the Association for Computational Linguistics},
  year      = {2014},
  volume    = {2},
  address   = {Baltimore},
  month     = jun,
  publisher = {Association for Computational Linguistics},
  language  = {eng},
}

@InProceedings{beuck:parser,
	author="Beuck, Niels and Menzel, Wolfgang",
	title="Structural Prediction in Incremental Dependency Parsing",
	booktitle="Computational Linguistics and Intelligent Text Processing",
	year="2013",
	publisher="Springer Berlin Heidelberg",
	address="Berlin, Heidelberg",
	pages="245--257",
	isbn="978-3-642-37247-6"
}

@InProceedings{ye:mt,
  author    = {Ye, Na and Zhang, Guiping and Cai, Dongfeng},
  title     = {Interactive-predictive machine translation based on syntactic constraints of prefix},
  booktitle = {Proceedings of COLING 2016, the 26th International Conference on Computational Linguistics: Technical Papers},
  year      = {2016},
  pages     = {1797--1806},
}

@InProceedings{peric:speech,
  author    = {V. Despotović and Z. Perić},
  title     = {Design of nonlinear predictors for adaptive predictive coding of speech signals},
  booktitle = {2013 21st Telecommunications Forum Telfor (TELFOR)},
  year      = {2013},
  pages     = {490-497},
  month     = {11},
  doi       = {10.1109/TELFOR.2013.6716274},
  keywords  = {Volterra series;adaptive codes;linear codes;speech coding;adaptive predictive coding;computational complexity;fractional delay;linear predictive coding;nonlinear predictor;nonlinear speech prediction;one tap Volterra predictor;simplified vocal tract model;speech production process;speech signal processing;subframe structure;truncated Volterra series;Adaptation models;Complexity theory;Gain;Predictive models;Speech;Speech coding;Speech processing;Nonlinear speech processing;Pitch period;Prediction;Volterra series},
}

@InProceedings{nivre:parser,
  author       = {Nivre, Joakim},
  title        = {An efficient algorithm for projective dependency parsing},
  booktitle    = {Proceedings of the 8th International Workshop on Parsing Technologies (IWPT)},
  year         = {2003},
  organization = {Citeseer},
}

@article{andor:parsey,
  author    = {Daniel Andor and
               Chris Alberti and
               David Weiss and
               Aliaksei Severyn and
               Alessandro Presta and
               Kuzman Ganchev and
               Slav Petrov and
               Michael Collins},
  title     = {Globally Normalized Transition-Based Neural Networks},
  journal   = {CoRR},
  volume    = {abs/1603.06042},
  year      = {2016},
  url       = {http://arxiv.org/abs/1603.06042},
  archivePrefix = {arXiv},
  eprint    = {1603.06042},
  timestamp = {Mon, 13 Aug 2018 16:48:50 +0200},
  biburl    = {https://dblp.org/rec/bib/journals/corr/AndorAWSPGPC16},
  bibsource = {dblp computer science bibliography, https://dblp.org}
}

@article{bojanowski:fasttext,
  author    = {Piotr Bojanowski and
               Edouard Grave and
               Armand Joulin and
               Tomas Mikolov},
  title     = {Enriching Word Vectors with Subword Information},
  journal   = {CoRR},
  volume    = {abs/1607.04606},
  year      = {2016},
  url       = {http://arxiv.org/abs/1607.04606},
  archivePrefix = {arXiv},
  eprint    = {1607.04606},
  timestamp = {Mon, 13 Aug 2018 16:46:11 +0200},
  biburl    = {https://dblp.org/rec/bib/journals/corr/BojanowskiGJM16},
  bibsource = {dblp computer science bibliography, https://dblp.org}
}

@inproceedings{grave:fasttext-ling,
  title={Learning Word Vectors for 157 Languages},
  author={Grave, Edouard and Bojanowski, Piotr and Gupta, Prakhar and Joulin, Armand and Mikolov, Tomas},
  booktitle={Proceedings of the International Conference on Language Resources and Evaluation (LREC 2018)},
  year={2018}
}

@article{kingma:adam,
  author    = {Diederik P. Kingma and Jimmy Ba},
  title     = {Adam: {A} Method for Stochastic Optimization},
  journal   = {CoRR},
  volume    = {abs/1412.6980},
  year      = {2014},
  url       = {http://arxiv.org/abs/1412.6980},
  archivePrefix = {arXiv},
  eprint    = {1412.6980},
  timestamp = {Mon, 13 Aug 2018 16:47:35 +0200},
  biburl    = {https://dblp.org/rec/bib/journals/corr/KingmaB14},
  bibsource = {dblp computer science bibliography, https://dblp.org}
}

@InProceedings{foth:hdt,
  author    = {Foth, Kilian A. and K{\"o}hn, Arne and Beuck, Niels and Menzel, Wolfgang},
  title     = {Because Size Does Matter: The Hamburg Dependency Treebank},
  booktitle = {Proceedings of the Ninth International Conference on Language Resources and Evaluation (LREC-2014)},
  year      = {2014},
  pages     = {2326--2333},
  publisher = {European Language Resources Association (ELRA)},
  location  = {Reykjavik, Iceland},
  url       = {http://www.lrec-conf.org/proceedings/lrec2014/pdf/860_Paper.pdf},
}

@Manual{foth:hdt-annotation,
  title        = {Eine umfassende Constraint-Dependenz-Grammatik des Deutschen},
  author       = {Foth, Kilian A.},
  organization = {Fachbereich Informatik},
  address      = {Hamburg},
  year         = {2006},
  publisher    = {Fachbereich Informatik},
}

@article{hochreiter:lstm,
	author = {Hochreiter, Sepp and Schmidhuber, Jürgen},
	year = {1997},
	month = {12},
	pages = {1735-80},
	title = {Long Short-term Memory},
	volume = {9},
	journal = {Neural computation},
	doi = {10.1162/neco.1997.9.8.1735}
}

@article{hahnloser:relu,
  title={Digital selection and analogue amplification coexist in a cortex-inspired silicon circuit},
  author={Hahnloser, Richard HR and Sarpeshkar, Rahul and Mahowald, Misha A and Douglas, Rodney J and Seung, H Sebastian},
  journal={Nature},
  volume={405},
  number={6789},
  pages={947},
  year={2000},
  publisher={Nature Publishing Group}
}

@inproceedings{glorot:relu-train,
  title={Deep sparse rectifier neural networks},
  author={Glorot, Xavier and Bordes, Antoine and Bengio, Yoshua},
  booktitle={Proceedings of the fourteenth international conference on artificial intelligence and statistics},
  pages={315--323},
  year={2011}
}

@article{quinlan:id3,
  title={Induction of decision trees},
  author={Quinlan, J. Ross},
  journal={Machine learning},
  volume={1},
  number={1},
  pages={81--106},
  year={1986},
  publisher={Springer}
}

@article {kullback:igain,
    AUTHOR = {Kullback, S. and Leibler, R. A.},
     TITLE = {On information and sufficiency},
   JOURNAL = {Ann. Math. Statistics},
  FJOURNAL = {Annals of Mathematical Statistics},
    VOLUME = {22},
      YEAR = {1951},
     PAGES = {79--86},
      ISSN = {0003-4851},
   MRCLASS = {62.0X},
  MRNUMBER = {0039968},
MRREVIEWER = {L. J. Savage},
       DOI = {10.1214/aoms/1177729694},
       URL = {https://doi.org/10.1214/aoms/1177729694},
}

@book{vapnik:svm,
  address = {USSR},
  author = {Vapnik, V. N. and Chervonenkis, A. Ya.},
  biburl = {https://www.bibsonomy.org/bibtex/24aa06950de8db8324f80c1f2773484e9/sb3000},
  publisher = {Nauka},
  title = {Theory of Pattern Recognition [in Russian]},
  year = {1974}
}

@article{altman:knn,
	author = {N. S. Altman},
	title = {An Introduction to Kernel and Nearest-Neighbor Nonparametric Regression},
	journal = {The American Statistician},
	volume = {46},
	number = {3},
	pages = {175-185},
	year  = {1992},
	publisher = {Taylor & Francis},
	doi = {10.1080/00031305.1992.10475879},
}

@article{breiman:forest,
  title={Random forests},
  author={Breiman, Leo},
  journal={Machine learning},
  volume={45},
  number={1},
  pages={5--32},
  year={2001},
  publisher={Springer}
}

@inproceedings{ho:forest,
  title={Random decision forests},
  author={Ho, Tin Kam},
  booktitle={Document analysis and recognition, 1995., proceedings of the third international conference on},
  volume={1},
  pages={278--282},
  year={1995},
  organization={IEEE}
}

@article{rosenblatt:perceptron,
  title={The perceptron: a probabilistic model for information storage and organization in the brain.},
  author={Rosenblatt, Frank},
  journal={Psychological review},
  volume={65},
  number={6},
  pages={386},
  year={1958},
  publisher={American Psychological Association}
}

@Book{russell-norvig:ai,
  title     = {Artificial intelligence: a modern approach},
  publisher = {Malaysia; Pearson Education Limited,},
  year      = {2016},
  author    = {Russell, Stuart J. and Norvig, Peter},
}

@inproceedings{mikolov:skipgram,
  title={Distributed representations of words and phrases and their compositionality},
  author={Mikolov, Tomas and Sutskever, Ilya and Chen, Kai and Corrado, Greg S and Dean, Jeff},
  booktitle={Advances in neural information processing systems},
  pages={3111--3119},
  year={2013}
}

@Article{mikolov:cbow,
  author        = {Tomas Mikolov and Kai Chen and Greg Corrado and Jeffrey Dean},
  title         = {Efficient Estimation of Word Representations in Vector Space},
  journal       = {CoRR},
  year          = {2013},
  volume        = {abs/1301.3781},
  archiveprefix = {arXiv},
  bibsource     = {dblp computer science bibliography, https://dblp.org},
  biburl        = {https://dblp.org/rec/bib/journals/corr/abs-1301-3781},
  eprint        = {1301.3781},
  timestamp     = {Mon, 13 Aug 2018 16:48:33 +0200},
  url           = {http://arxiv.org/abs/1301.3781},
}

@InProceedings{peters:elmo,
  author    = {Peters, Matthew E. and Neumann, Mark and Iyyer, Mohit and Gardner, Matt and Clark, Christopher and Lee, Kenton and Zettlemoyer, Luke},
  title     = {Deep contextualized word representations},
  booktitle = {Proc. of NAACL},
  year      = {2018},
}

@Article{devlin:bert,
  author        = {Jacob Devlin and Ming{-}Wei Chang and Kenton Lee and Kristina Toutanova},
  title         = {{BERT:} Pre-training of Deep Bidirectional Transformers for Language Understanding},
  journal       = {CoRR},
  year          = {2018},
  volume        = {abs/1810.04805},
  archiveprefix = {arXiv},
  bibsource     = {dblp computer science bibliography, https://dblp.org},
  biburl        = {https://dblp.org/rec/bib/journals/corr/abs-1810-04805},
  eprint        = {1810.04805},
  timestamp     = {Tue, 30 Oct 2018 20:39:56 +0100},
  url           = {http://arxiv.org/abs/1810.04805},
}

@book{goodfellow:neural,
    title={Deep Learning},
    author={Ian Goodfellow and Yoshua Bengio and Aaron Courville},
    publisher={MIT Press},
    note={\url{http://www.deeplearningbook.org}},
    year={2016}
}

@Article{britannica:french,
  author  = {Posner, Rebecca and Sala, Marius},
  title   = {French language},
  journal = {Encyclopædia Britannica},
  year    = {2018},
  month   = jul,
  note    = {Access Date: December 12, 2018},
  url     = {https://www.britannica.com/topic/French-language},
}

@Article{britannica:norwegian,
  author  = {Augustyn, Adam and Bauer, Patricia and Duignan, Brian and Eldridge, Alison and Gregersen, Erik and Luebering, J.E. and McKenna, Amy and Petruzzello, Melissa and Rafferty, John P. and Ray, Michael and Rogers, Kara and Tikkanen, Amy and Wallenfeldt, Jeff and Zeidan, Adam and Zelazko, Alicja},
  title   = {Norwegian language},
  journal = {Encyclopædia Britannica},
  year    = {2011},
  month   = oct,
  note    = {Access Date: December 12, 2018},
  url     = {https://www.britannica.com/topic/Norwegian-language},
}

@Article{britannica:english,
  author  = {Crystal, David and Potter, Simeon},
  title   = {English language},
  journal = {Encyclopædia Britannica},
  year    = {2018},
  month   = oct,
  note    = {Access Date: December 12, 2018},
  url     = {https://www.britannica.com/topic/English-language},
}

@Article{britannica:german,
  author  = {Augustyn, Adam and Bauer, Patricia and Duignan, Brian and Eldridge, Alison and Gregersen, Erik and Luebering, J.E. and McKenna, Amy and Petruzzello, Melissa and Rafferty, John P. and Ray, Michael and Rogers, Kara and Tikkanen, Amy and Wallenfeldt, Jeff and Zeidan, Adam and Zelazko, Alicja},
  title   = {German language},
  journal = {Encyclopædia Britannica},
  year    = {2017},
  month   = oct,
  note    = {Access Date: December 12, 2018},
  url     = {https://www.britannica.com/topic/German-language},
}

@Article{britannica:hungarian,
  author  = {Augustyn, Adam and Bauer, Patricia and Duignan, Brian and Eldridge, Alison and Gregersen, Erik and Luebering, J.E. and McKenna, Amy and Petruzzello, Melissa and Rafferty, John P. and Ray, Michael and Rogers, Kara and Tikkanen, Amy and Wallenfeldt, Jeff and Zeidan, Adam and Zelazko, Alicja},
  title   = {Hungarian language},
  journal = {Encyclopædia Britannica},
  year    = {2013},
  month   = nov,
  note    = {Access Date: December 12, 2018},
  url     = {https://www.britannica.com/topic/Hungarian-language},
}

@inproceedings{schroeder-emnlp,
    title = {Finding the way from {\"a} to a: Sub-character morphological inflection for the {SIGMORPHON} 2018 shared task},
    author = {Schr{\"o}der, Fynn  and
      Kamlot, Marcel  and
      Billing, Gregor  and
      K{\"o}hn, Arne},
    booktitle = "Proceedings of the {C}o{NLL}{--}{SIGMORPHON} 2018 Shared Task: Universal Morphological Reinflection",
    month = oct,
    year = "2018",
    address = "Brussels",
    publisher = "Association for Computational Linguistics",
    pages = "76--85",
}

@Comment{jabref-meta: databaseType:bibtex;}
